<?xml version="1.0" encoding="UTF-8"?><collection xmlns="http://www.loc.gov/MARC21/slim"><record><leader>00352nam--2200133-i-4500</leader><controlfield tag="001">000017842</controlfield><controlfield tag="002">20161230</controlfield><controlfield tag="005">20161230201032</controlfield><controlfield tag="008">060222s1000------------r-----000-0-eng-d</controlfield><datafield ind1=" " ind2=" " tag="100"><subfield code="a">Michael Metcalf</subfield></datafield><datafield ind1=" " ind2=" " tag="245"><subfield code="a">A.p.i.c. studies in data processing. fortran cotimiyation</subfield></datafield><datafield ind1=" " ind2=" " tag="260"><subfield code="a">London, Academic Press, 1982</subfield></datafield><datafield ind1=" " ind2=" " tag="700"><subfield code="a">Fraser Duncan</subfield></datafield><datafield ind1=" " ind2=" " tag="852"><subfield code="a">18456</subfield></datafield></record></collection>